@InProceedings{cobb2014boundary,
author = {Cobb, James T. and Zare, Alina},
title = {Boundary detection and Superpixel formation in synthetic aperture sonar imagery},
booktitle = {3rd Int. Conf. SAS and SAR},
year = {2014},
month = {Sept.},
}

@Inbook{Richards2013,
	author="Richards, John A.",
	title="Supervised Classification Techniques",
	bookTitle="Remote Sensing Digital Image Analysis: An Introduction",
	year="2013",
	publisher="Springer Berlin Heidelberg",
	address="Berlin, Heidelberg",
	pages="247-318",
	isbn="978-3-642-30062-2",
	doi="10.1007/978-3-642-30062-2_8",
	url="https://doi.org/10.1007/978-3-642-30062-2_8"
}

@book{Bishop,
	author = {Bishop, Christopher M.},
	title = {Pattern Recognition and Machine Learning (Information Science and Statistics)},
	year = {2006},
	isbn = {0387310738},
	publisher = {Springer-Verlag},
	address = {Berlin, Heidelberg},
} 

@ARTICLE{Green, 
	author={A. A. Green and M. Berman and P. Switzer and M. D. Craig}, 
	journal={IEEE Transactions on Geoscience and Remote Sensing}, 
	title={A transformation for ordering multispectral data in terms of image quality with implications for noise removal}, 
	year={1988}, 
	volume={26}, 
	number={1}, 
	pages={65-74},  
	doi={10.1109/36.3001}, 
	ISSN={0196-2892}, 
	month={Jan},
}

@book{statlearn,
	added-at = {2008-05-16T16:17:42.000+0200},
	address = {New York, NY, USA},
	author = {Hastie, Trevor and Tibshirani, Robert and Friedman, Jerome},
	publisher = {Springer New York Inc.},
	series = {Springer Series in Statistics},
	title = {The Elements of Statistical Learning},
	year = 2001
}

@INPROCEEDINGS{JSD, 
	author={B. Fuglede and F. Topsoe}, 
	booktitle={International Symposium onInformation Theory, 2004. ISIT 2004. Proceedings.}, 
	title={Jensen-Shannon divergence and Hilbert space embedding}, 
	year={2004}, 
	volume={}, 
	number={}, 
	pages={31-}, 
	doi={10.1109/ISIT.2004.1365067}, 
	ISSN={}, 
	month={June},}

@ARTICLE{parzen, 
	author={F. J. Harris}, 
	journal={Proceedings of the IEEE}, 
	title={On the use of windows for harmonic analysis with the discrete Fourier transform}, 
	year={1978}, 
	volume={66}, 
	number={1}, 
	pages={51-83}, 
	doi={10.1109/PROC.1978.10837}, 
	ISSN={0018-9219}, 
	month={Jan},}
